@Book{umisn,
ALTauthor = {Krzysztof Krawiec, Jerzy Stefanowski},
ALTeditor = {•},
title = {Uczenie maszynowe i sieci neuronowe},
publisher = {Wydawnictwo Politechniki Poznańskiej},
year = {2004},
OPTedition = {2},
}